%----- Web -----
%@online{NavTeq,
%author = {Ingeniøren},
%title = {Ny navigation holder øje med trafikken},
%url = {https://ing.dk/artikel/ny-navigation-holder-oeje-med-trafikken-187847},
%urldate = {2016-12-05},
%}

@online{QtDocumentation,
author = {The Qt Company},
title = {Qt Documentation},
url = {http://doc.qt.io/},
urldate = {2016-05-07},
}

@online{QtDocumentationTr,
author = {The Qt Company},
title = {Qt Documentation, Writing Source Code for Translation},
url = {http://doc.qt.io/qt-5/i18n-source-translation.html},
urldate = {2016-05-13},
}

@online{QtDocumentationQFileDialog,
author = {The Qt Company},
title = {QFileDialog Class},
url = {http://doc.qt.io/qt-5/qfiledialog.html},
urldate = {2016-05-15},
}

@online{BoostPathSettings,
author = {Boost C++ Libraries},
title = {Class path},
url = {http://www.boost.org/doc/libs/1_53_0/libs/filesystem/doc/reference.html#class-path},
urldate = {2016-05-14},
}

@online{XMLPropertyLoader,
author = {RobWork},
title = {XMLPropertyLoader Class Reference},
url = {http://www.robwork.dk/apidoc/nightly/rw/classrw_1_1loaders_1_1XMLPropertyLoader.html},
urldate = {2016-05-14},
}

@online{XMLPropertySaver,
author = {RobWork},
title = {XMLPropertySaver Class Reference},
url = {http://www.robwork.dk/apidoc/nightly/rw/classrw_1_1loaders_1_1XMLPropertySaver.html},
urldate = {2016-05-15},
}

%----- Bøger -----
%@book{acoustics,
%author = {Finn Jacobsen and Peter Møller Juhl},
%title = {Fundementals of General Linear Acoustics},
%year = {2013},
%publisher = {John Wiley \& Sons Ltd},
%isbn = {9781118346419},
%chapter = {4},
%}